<?xml version="1.0" encoding="UTF-8"?><collection xmlns="http://www.loc.gov/MARC21/slim"><record><leader>00433nam--2200133-i-4500</leader><controlfield tag="001">000010691</controlfield><controlfield tag="002">20161230</controlfield><controlfield tag="005">20161230201028</controlfield><controlfield tag="008">060222s1000------------r-----000-0-eng-d</controlfield><datafield ind1=" " ind2=" " tag="080"><subfield code="a">543.42:615:621.039.83</subfield></datafield><datafield ind1=" " ind2=" " tag="100"><subfield code="a">Benezech, Jean-pierre</subfield></datafield><datafield ind1=" " ind2=" " tag="245"><subfield code="a">Application de la spectrographie d emission au controle des medicaments et des produits cosme tique.these</subfield></datafield><datafield ind1=" " ind2=" " tag="260"><subfield code="a">Toulouse, Universite Paul-sebatier, 1970. 131 P</subfield></datafield><datafield ind1=" " ind2=" " tag="852"><subfield code="a">39045</subfield></datafield></record></collection>